@article{blonder2023navigation,
    author={Benjamin W. Blonder and Michael H. Lim and Zachary Sunberg and Claire Tomlin},
    author+an={2=student;3=zach},
    title={Navigation between initial and desired community states using shortcuts},
    journal={Ecology Letters},
    year={2023},
    url={https://arxiv.org/abs/2204.07629}
}

@InProceedings{tucker2022adaptive,
  title={Adaptive Stress Testing Applied To Space Domain Awareness Systems},
  author={Johnathan Tucker and Jackson Wagner and Zachary Sunberg},
  author+an={3=zach},
  booktitle={Advanced Maui Optical and Space Surveillance Technologies (AMOS)},
  url={https://amostech.com/TechnicalPapers/2022/Machine-Learning-for-SSA-Applications/Tucker.pdf},
  year={2022},
  annotation={abstract-review}
}

@InProceedings{becker2022imperfect,
  title={Imperfect Information Games and Counterfactual Regret Minimization in Space Domain Awareness},
  author={Tyler Becker and Zachary Sunberg},
  author+an={1=student;2=zach},
  booktitle={Advanced Maui Optical and Space Surveillance Technologies (AMOS)},
  url={https://amostech.com/TechnicalPapers/2022/Poster/Becker.pdf},
  year={2022},
  annotation={abstract-review}
}

@inproceedings{ho2022automaton,
  title={Automaton-Guided Control Synthesis for Signal Temporal Logic Specifications},
  author={Qi Heng Ho and Roland B. Ilyes and Zachary Sunberg and Morteza Lahijanian},
  author+an={3=zach;1=student},
  booktitle={{IEEE} Conference on Decision and Control (CDC)},
  url={https://arxiv.org/abs/2207.03662},
  year={2022},
}

@inproceedings{gupta2022intention,
    author={Himanshu Gupta and Bradley Hayes and Zachary Sunberg},
    title={Intention-Aware Navigation in Crowds with Extended-Space {POMDP} Planning},
    booktitle={Autonomous Agents and Multi-Agent Systems (AAMAS)},
    annotation={journal-equivalent},
    author+an={3=zach;1=student},
    year={2022},
    oldnote={\textbf{(Highly Selective Conference)}},
    url={https://arxiv.org/pdf/2206.10028.pdf}
}

@inproceedings{ho2022gaussian,
  author={Ho, Qi Heng and Sunberg, Zachary N. and Lahijanian, Morteza},
  author+an={1=student;2=zach},
  booktitle={2022 International Conference on Robotics and Automation (ICRA)}, 
  title={Gaussian Belief Trees for Chance Constrained Asymptotically Optimal Motion Planning}, 
  year={2022},
  pages={11029-11035},
  doi={10.1109/ICRA46639.2022.9812343}
}

@inproceedings{ray2022user,
  title={User Preference Elicitation for Unmanned Aircraft System Collaborative Search},
  author={Ray, Hunter M. and Conlon, Nicholas and Sunberg, Zachary and Ahmed, Nisar R.},
  author+an={3=zach},
  booktitle={AIAA SCITECH Forum},
  pages={2343},
  year={2022},
  annotation={abstract-review}
}

@article{ahmad2021end,
  title={End-to-End Probabilistic Depth Perception and {3D} Obstacle Avoidance using {POMDP}},
  author={Ahmad, Shakeeb and Sunberg, Zachary N. and Humbert, J. Sean},
  author+an={2=zach},
  journal={Journal of Intelligent \& Robotic Systems},
  volume={103},
  number={2},
  pages={1--18},
  year={2021},
  publisher={Springer},
}

@inproceedings{ahmad2021probabilistic,
    author={Ahmad, Shakeeb G. and Sunberg, Zachary and Humbert, Sean},
    author+an={2=zach},
    title={{APF-PF}: Probabilistic Depth Perception for {3D} Reactive Obstacle Avoidance},
    year=2021,
    booktitle={American Control Conference (ACC)}
}

@inproceedings{mern2021bayesian,
  title={Bayesian Optimized {M}onte {C}arlo Planning}, 
  author={John Mern and Anil Yildiz and Zachary Sunberg and Tapan Mukerji and Mykel J. Kochenderfer},
  author+an={3=zach},
  year=2021,
  oldnote={\textbf{(Highly Selective Conference)}},
  booktitle={AAAI Conference on Artificial Intelligence (AAAI)},
  annotation={journal-equivalent}
}

@inproceedings{peters2020alignment,
    author={Lasse Peters and David Fridovich-Keil and Claire Tomlin and Zachary Sunberg},
    author+an={4=zach;1=student},
    title={Inference-Based Strategy Alignment for General-Sum Differential Games},
    booktitle={International Conference on Autonomous Agents and Multiagent Systems (AAMAS)},
    year=2020,
    oldnote={\textbf{(Highly Selective Conference)}},
    url={https://arxiv.org/abs/2002.04354},
    url_Paper={https://arxiv.org/pdf/2002.04354.pdf},
    annotation={journal-equivalent}
}

@inproceedings{lim2020sparse,
    author={Michael H. Lim and Claire J. Tomlin and Zachary N. Sunberg},
    author+an={1=student;3=zach},
    title={Sparse Tree Search Optimality Guarantees in {POMDP}s with Continuous Observation Spaces},
    booktitle={International Joint Conference on Artificial Intelligence (IJCAI)},
    year=2020,
    url_Paper={https://arxiv.org/pdf/1910.04332.pdf},
    odlnote={\textbf{(Highly Selective Conference)}},
    annotation={journal-equivalent}
}
           
@article{slade2020estimation,
    author={Patrick Slade and Zachary Sunberg and Mykel J. Kochenderfer},
    author+an={1=student;2=zach},
    title={Estimation and Control Using Sampling-Based {B}ayesian Reinforcement Learning},
    journal={{IET} Cyber-Physical Systems: Theory and Applications},
    year={2020},
    volume={5},
    issue={1},
    url={https://digital-library.theiet.org/content/journals/10.1049/iet-cps.2019.0045}
}

@inproceedings{sonu2018hierarchy,
    title={Exploiting Hierarchy for Scalable Decision Making in Autonomous Driving},
    author={Sonu, Ekhlas and Sunberg, Zachary and Kochenderfer, Mykel J.},
    author+an={2=zach},
    booktitle={Intelligent Vehicles Symposium},
    year={2018},
    address={Changshu}
}

@inproceedings{sunberg2018pomcpow,
    title={Online Algorithms for {POMDP}s with Continuous State, Action, and Observation Spaces},
    author={Sunberg, Zachary N. and Kochenderfer, Mykel J.},
    author+an={1=zach},
    booktitle={International Conference on Automated Planning and Scheduling (ICAPS)},
    year={2018},
    address={Delft},
    odlnote={\textbf{(Highly Selective Conference)}},
    url={https://arxiv.org/abs/1709.06196},
    url_Paper={https://arxiv.org/pdf/1709.06196.pdf},
    annotation={journal-equivalent}
}


@inproceedings{sunberg2017value,
    title={The Value of Inferring the Internal State of Traffic Participants for Autonomous Freeway Driving},
    author={Sunberg, Zachary N. and Ho, Christopher J. and Kochenderfer, Mykel J.},
    author+an={1=zach},
    booktitle={American Control Conference (ACC)},
    address={Seattle},
    url={https://arxiv.org/abs/1702.00858},
    url_Paper={https://arxiv.org/pdf/1702.00858.pdf},
    year={2017}
}

@inproceedings{sunberg2016trusted,
    title={Optimized and Trusted Collision Avoidance for Unmanned Aerial Vehicles using Approximate Dynamic Programming},
    author={Sunberg, Zachary and Kochenderfer, Mykel J. and Pavone, Marco},
    author+an={1=zach},
    booktitle={IEEE International Conference on Robotics and Automation (ICRA)},
    address={Stockholm},
    url={https://arxiv.org/abs/1602.04762},
    url_Paper={https://arxiv.org/pdf/1602.04762.pdf},
    year={2016}
}

@article{egorov2017pomdps,
    author = {Maxim Egorov and Zachary N. Sunberg and Edward Balaban and Tim A. Wheeler and Jayesh K. Gupta and Mykel J. Kochenderfer},
    author+an={2=zach},
    title = {{POMDPs.jl}: A Framework for Sequential Decision Making under Uncertainty},
    journal = {Journal of Machine Learning Research},
    year = {2017},
    volume = {18},
    number = {26},
    pages = {1--5},
    url = {http://jmlr.org/papers/v18/16-300.html},
    url_Paper = {http://jmlr.org/papers/volume18/16-300/16-300.pdf}
}

@inproceedings{slade2017simultaneous,
    author = {Patrick Slade and Preston Culbertson and Zachary Sunberg and Mykel J. Kochenderfer},
    author+an={3=zach},
    title = {Simultaneous Active Parameter Estimation and Control using Sampling-based {B}ayesian Reinforcement Learning},
    booktitle = {IEEE/RSJ International Conference on Intelligent Robots and Systems (IROS)},
    url = {https://arxiv.org/abs/1707.09055},
    url_Paper = {https://arxiv.org/pdf/1707.09055.pdf},
    year = {2017}
}

@inproceedings{sunberg2012information,
    title={Information Space Receding Horizon Control for MultiÂ­Agent Systems},
    author={Sunberg, Zachary and Chakravorty, Suman and Erwin, Richard},
    author+an={1=zach},
    booktitle={American Control Conference (ACC)},
    year={2012},
    address={Montreal},
    url={http://ieeexplore.ieee.org/document/6314847/},
    url_Paper={http://ieeexplore.ieee.org/document/6314847/},
}

@inproceedings{sunberg2013fuzzy,
    title={A Fuzzy Logic-Based Controller for Helicopter Autorotation},
    author={Sunberg, Zachary and Rogers, Jonathan},
    author+an={1=zach},
    booktitle={{AIAA} Aerospace Sciences Meeting},
    year={2013},
    address={Grapevine},
    annotation={abstract-review}
}

@article{sunberg2013information,
    title={Information Space Receding Horizon Control},
    author={Sunberg, Zachary and Chakravorty, Suman and Erwin, Richard Scott},
    author+an={1=zach},
    journal={IEEE Transactions on Cybernetics},
    volume={43},
    number={6},
    pages={2255-2260},
    year={2013},
    url={http://ieeexplore.ieee.org/document/6417015/},
    url_Paper={http://ieeexplore.ieee.org/document/6417015/}
}

@article{sunberg2016information,
    title={Information Space Receding Horizon Control for Multisensor Tasking Problems},
    author={Sunberg, Zachary and Chakravorty, Suman and Erwin, Richard Scott},
    author+an={1=zach},
    journal={IEEE Transactions on Cybernetics},
    volume={46},
    number={6},
    pages={1325--1336},
    year={2016},
    url={http://ieeexplore.ieee.org/document/7174988/},
    url_Paper={http://ieeexplore.ieee.org/document/7174988/},
}

@article{sunberg2013belief,
    title = "A Belief Function Distance Metric for Orderable Sets",
    journal = "Information Fusion",
    volume = "14",
    number = "4",
    pages = "361--373",
    year = "2013",
    issn = "1566-2535",
    doi = "10.1016/J.INFFUS.2013.03.003",
    url = "http://www.sciencedirect.com/science/article/pii/S1566253513000304",
    url_Paper = "http://www.sciencedirect.com/science/article/pii/S1566253513000304/pdfft?md5=b4701c23b87462d24371ae30b4518240&pid=1-s2.0-S1566253513000304-main.pdf",
    author = "Zachary Sunberg and Jonathan Rogers",
    author+an={1=zach},
    keywords = "DempsterâShafer theory, Distance metric, Orderable sets, Sensor fault detection"
}

@inproceedings{sunberg2014space,
    author={Zachary Sunberg and Suman Chakravorty and Richard Erwin},
    author+an={1=zach},
    booktitle={American Control Conference (ACC)},
    title={Information space sensor tasking for Space Situational Awareness},
    year={2014},
    pages={79-84},
    keywords={Markov processes;aerospace instrumentation;artificial satellites;distributed control;gradient methods;open loop systems;optimal control;baseline myopic tasking policy;distributed implementation;globally optimal solution;information space sensor tasking aspect;open loop control policy;partially observed Markov decision process;receding horizon control approach;satellites;space situational awareness;stochastic gradient ascent algorithm;Satellites;Aerospace;Predictive control for nonlinear systems;Stochastic systems},
    doi={10.1109/ACC.2014.6858922},
    ISSN={0743-1619},
    month={June},
}

@article{sunberg2015real,
    title = "A Real-Time Expert Control System For Helicopter Autorotation",
    author = "Sunberg, Zachary N. and Miller, Nathaniel R. and Rogers, Jonathan D.",
    author+an={1=zach},
    journal = "Journal of the American Helicopter Society",
    parent_itemid = "infobike://ahs/jahs",
    publishercode ="ahs",
    year = "2015",
    volume = "60",
    number = "2",
    pages = "1-15",
    itemtype = "ARTICLE",
    issn = "2161-6027",
    url = "http://www.ingentaconnect.com/content/ahs/jahs/2015/00000060/00000002/art00008",
    url_Paper = "http://www.ingentaconnect.com/content/ahs/jahs/2015/00000060/00000002/art00008",
    doi = "10.4050/JAHS.60.022008"
}

@inproceedings{sunberg2014real,
    author={Sunberg, Zachary and Miller, Nathaniel and Rogers, Jonathan},
    author+an={1=zach},
    title={A Real Time Expert Control System for Helicopter Autorotation},
    booktitle={70th Forum of the American Helicopter Society},
    year={2014},
    address={Montreal}
}

@article{sunberg2022improving,
    author={Sunberg, Zachary and Kochenderfer, Mykel},
    author+an={1=zach},
    title={Improving Automated Driving through Planning with Human Internal States},
    journal={{IEEE} Transactions on Intelligent Transportation Systems},
    url={https://arxiv.org/abs/2005.14549},
    year=2022
}

@inproceedings{lim2021voronoi,
      title={Voronoi Progressive Widening: Efficient Online Solvers for Continuous Space {MDP}s and {POMDP}s with Provably Optimal Components}, 
      author={Michael H. Lim and Claire J. Tomlin and Zachary N. Sunberg},
      author+an={1=student;3=zach},
      year={2021},
      booktitle={Conference on Decision and Control (CDC)},
      url={https://arxiv.org/abs/2012.10140}
}

@inproceedings{sunberg2021fair,
  title={Fair Senior Capstone Project Teaming based on Skills, Preferences, and Friend Groups},
  author={Sunberg, Zachary Nolan and Wingate, Kathryn Anne and Buri, Lara},
  booktitle={{ASEE} Annual Conference},
  author+an={1=zach},
  year={2021},
  url={https://peer.asee.org/37187}
}

@unpublished{deglurkar2022visual,
    author={Sampada Deglurkar and Michael H. Lim and Johnathan Tucker and Zachary N. Sunberg and Aleksandra Faust and Claire J. Tomlin},
    author+an={4=zach;2=student;3=student},
    title={Compositional Learning-based Planning for Vision {POMDP}s},
    note={Under Review for \textit{Learning for Dynamics \& Control (L4DC)}},
    year={2022},
    url={https://arxiv.org/abs/2112.09456}
}

@unpublished{lim2022optimal,
    author={Lim, Michael H. and Becker, Tyler J. and Kochenderfer, Mykel J. and Tomlin, Claire J. and Sunberg, Zachary N.},
    author+an = {1=student;2=student;5=zach},
    title={Optimality Guarantees for Particle Belief Approximation of {POMDP}s},
    journal={Journal of Aritificial Intelligence Research},
    note={Under Review for the \textit{Journal of Artificial Intelligence Research}},
    year={2022},
    url={https://arxiv.org/abs/2210.05015}
}
