@article{ho2024gaussian,
    title={Gaussian Belief Trees: Chance Constrained Motion Planning by Planning Directly in the Belief Space},
    author={Qi Heng Ho and Zachary Sunberg and Morteza Lahijanian},
    author+an={1=student;2=zach},
    journal={IEEE Transactions on Robotics (T-RO)},
    note={In late stage preparation, expected submission in Nov. 2023}
}

@article{kraske2024explaining,
    title={Explaining Action Discrepancies for Resource Allocation POMDPs},
    author={Benjamin Kraske and Anna Buczak and Anshu Saksena and Zachary Sunberg},
    author+an={1=student;4=zach},
    journal={Journal of Artificial Intelligence Research (JAIR)},
    note={In preparation, expected submission in Dec. 2023}
}

@article{becker2024gametheoretic,
    author={Becker, Tyler and Sunberg, Zachary},
    author+an={1=student;2=zach},
    title={Game-theoretic sensor tasking for space domain awareness},
    journal={Advances in Space Research},
    note={In preparation, expected submission in Spring 2024}
}

@inproceedings{becker2024bridging,
    author={Becker, Tyler and Sunberg, Zachary},
    author+an={1=student;2=zach},
    title={Bridging the gap between POMGs and sparse POMDP methods},
    booktitle={International Joint Conference on Artificial Intelligence (IJCAI)},
    note={In preparation, expected submission in Jan. 2024}
}

@article{wagner2024modeling,
    author={Jackson Wagner and Benjamin Blonder and Zachary Sunberg},
    author+an={1=student;2=zach},
    title={Plant water use modeling through reinforcement learning},
    journal={Ecology Letters},
    note={In initial preparation, expected submission in Spring 2024}
}
