@article{Ho2022AutomatonGuidedCS,
  title={Automaton-Guided Control Synthesis for Signal Temporal Logic Specifications},
  author={Qi Heng Ho and Roland B. Ilyes and Zachary Sunberg and Morteza Lahijanian},
  booktitle={IEEE Conference on Decision and Control},
  url={https://arxiv.org/abs/2207.03662},
  year={2022},
  note={(to appear)}
}
@inproceedings{gupta2022intention,
    author={Himanshu Gupta and Bradley Hayes and Zachary Sunberg},
    title={Intention-Aware Navigation in Crowds with Extended-Space {POMDP} Planning},
    booktitle={Autonomous Agents and Multi-Agent Systems},
    year={2022},
    note={\textbf{(Highly Selective Conference)}},
    url={https://arxiv.org/pdf/2206.10028.pdf}
}
@inproceedings{ho2022gaussianbelieftrees,
  author={Ho, Qi Heng and Sunberg, Zachary N. and Lahijanian, Morteza},
  booktitle={2022 International Conference on Robotics and Automation (ICRA)}, 
  title={Gaussian Belief Trees for Chance Constrained Asymptotically Optimal Motion Planning}, 
  year={2022},
  pages={11029-11035},
  doi={10.1109/ICRA46639.2022.9812343}
  }
@inproceedings{peters2020alignment,
    author={Lasse Peters and David Fridovich-Keil and Claire Tomlin and Zachary Sunberg},
    title={Inference-Based Strategy Alignment for General-Sum Differential Games},
    booktitle={International Conference on Autonomous Agents and Multiagent Systems (AAMAS)},
    year=2020,
    note={\textbf{(Highly Selective Conference)}},
    url={https://arxiv.org/abs/2002.04354},
    url_Paper={https://arxiv.org/pdf/2002.04354.pdf}
}
@inproceedings{lim2020sparse,
    author={Michael H. Lim and Claire J. Tomlin and Zachary N. Sunberg},
    title={Sparse Tree Search Optimality Guarantees in {POMDP}s with Continuous Observation Spaces},
    booktitle={International Joint Conference on Artificial Intelligence (IJCAI)},
    year=2020,
    url_Paper={https://arxiv.org/pdf/1910.04332.pdf},
    note={\textbf{(Highly Selective Conference)}}
}